@inproceedings{dijkstra1979programming,
  title={Programming considered as a human activity},
  author={Dijkstra, Edsger},
  booktitle={Classics in software engineering},
  pages={1--9},
  year={1979},
  organization={Yourdon Press}
}

@article{TURING_MACHINE,
  author    = {Alan M. Turing},
  title     = {Computability and lambda-Definability},
  journal   = {Journal of Symbolic Logic},
  volume    = {2},
  number    = {4},
  year      = {1937},
  pages     = {153-163},
}

@book{CHURCH_TURING,
  title={The Undecidable: Basic Papers on Undecidable Propositions, Unsolvable Problems and Computable Functions},
  author={Davis, M.},
  isbn={9780486432281},
  lccn={2003067180},
  series={Dover Books on Mathematics Series},
  year={2004},
  publisher={Dover Publications}
}

@article{LAMBDA_CALCULUS,
    author = {Church, Alonzo},
    citeulike-article-id = {867540},
    citeulike-linkout-0 = {http://www.jstor.org/stable/1968337},
    journal = {Annals of Mathematics},
    number = {33},
    pages = {346--366},
    posted-at = {2010-10-04 02:27:47},
    priority = {2},
    title = {{A Set of Postulates for the Foundation of Logic}},
    volume = {2},
    year = {1932}
}

@book{MU_RECURSION,
  title={Introduction to Metamathematics...},
  author={Kleene, S.C.},
  series={Bibliotheca mathematica},
  publisher={North-Holland Publishing Company}
}

@article{HALTING_PROBLEM,
  added-at = {2011-12-15T17:25:32.000+0100},
  author = {Turing, Alan M.},
  journal = {Proceedings of the London Mathematical Society},
  keywords = {logic},
  pages = {230--265},
  series = 2,
  timestamp = {2011-12-15T17:25:32.000+0100},
  title = {On Computable Numbers, with an application to the
Entscheidungsproblem},
  volume = 42,
  year = 1936
}

@article{SIMPLY_TYPED_LAMBDA_CALCULUS,
  author = {Church, Alonzo},
  journal = {Jurnal of Symbolic Logic},
  keywords = {type},
  month = {June},
  number = 2,
  pages = {56-68},
  title = {A Formulation of the Simple Theory of Types},
  volume = 5,
  year = 1940
}

@inproceedings{MODEL_CHECKING,
  author = {Emerson, E. Allen and Clarke, Edmund M.},
  date = {2009-09-19},
  editor = {de Bakker, J. W. and van Leeuwen, Jan},
  isbn = {3-540-10003-2},
  pages = {169-181},
  publisher = {Springer},
  series = {Lecture Notes in Computer Science},
  timestamp = {2009-09-19T00:00:00.000+0200},
  title = {Characterizing Correctness Properties of Parallel Programs Using Fixpoints.},
  volume = 85,
  year = 1980
}

@inproceedings{ABSTRACT_INTERPRETATION,
 author = {Cousot, Patrick and Cousot, Radhia},
 title = {Abstract Interpretation: A Unified Lattice Model for Static Analysis of Programs by Construction or Approximation of Fixpoints},
 booktitle = {Proceedings of the 4th ACM SIGACT-SIGPLAN Symposium on Principles of Programming Languages},
 series = {POPL '77},
 year = {1977},
 location = {Los Angeles, California},
 pages = {238--252},
 numpages = {15},
 publisher = {ACM},
 address = {New York, NY, USA},
} 

@PhdThesis{CASANOVA,
  title = "{Casanova: a language for game development}",
  author = "Giuseppe Maggiore",
  school = "Universit√† Ca' Foscari di Venezia, Italy",
  month = "April",
  year = "2013",
}
