@incollection{maggiore2012designing,
  title={Designing Casanova: a language for games},
  author={Maggiore, Giuseppe and Span{\`o}, Alvise and Orsini, Renzo and Costantini, Giulia and Bugliesi, Michele and Abbadi, Mohamed},
  booktitle={Advances in Computer Games},
  pages={320--332},
  year={2012},
  publisher={Springer}
}


@incollection{maggiore2012writing,
  title={Writing real-time. net games in casanova},
  author={Maggiore, Giuseppe and Spronck, Pieter and Orsini, Renzo and Bugliesi, Michele and Steffinlongo, Enrico and Abbadi, Mohamed},
  booktitle={Entertainment Computing-ICEC 2012},
  pages={341--348},
  year={2012},
  publisher={Springer}
}


@inproceedings{maggiore2012formal,
  title={A formal specification for casanova, a language for computer games},
  author={Maggiore, Giuseppe and Span{\`o}, Alvise and Orsini, Renzo and Bugliesi, Michele and Abbadi, Mohamed and Steffinlongo, Enrico},
  booktitle={Proceedings of the 4th ACM SIGCHI symposium on Engineering interactive computing systems},
  pages={287--292},
  year={2012},
  organization={ACM}
}


@inproceedings{maggiore2012casanova,
  title={On Casanova and Databases or the Similarity Between Games and DBs.},
  author={Maggiore, Giuseppe and Orsini, Renzo and Bugliesi, Michele},
  booktitle={SEBD},
  pages={271--276},
  year={2012}
}


@article{abbadiresources,
  title={Resources, Entities, Actions. A generalized design pattern for RTS games and its language extension in Casanova},
  author={Abbadi, Mohamed and Di Giacomo, Francesco and Orsini, Renzo and Plaat, Aske and Spronck, Pieter and Maggiore, Giuseppe}
}

