@book{AStarInGames,
  title={Artificial Intelligence for Games},
  author={Millington, I. and Funge, J.D.},
  isbn={9780123747310},
  lccn={2009016733},
  series={Morgan Kaufmann},
  year={2009},
  publisher={Elsevier}
}

@article{GENETIC_PLANNING,
    author = {Charypar, David and Nagel, Kai},
    issn = {0049-4488},
    journal = {Transportation},
    keywords = {action-selection, activities, activity-plans, activity-selection, day-plans, experiences, planning, plans, rhythmicity, schedules},
    month = jul,
    number = {4},
    pages = {369--397},
    posted-at = {2009-07-20 18:49:37},
    priority = {2},
    publisher = {Kluwer Academic Publishers},
    title = {{Generating complete all-day activity plans with genetic algorithms}},
    volume = {32},
    year = {2005}
}

@misc{LFD_AI_DIRECTOR,
title = {Left for dead: AI Director},
author = {Booth, Michael},
howpublished = {\url{http://www.valvesoftware.com/publications/2009/ai_systems_of_l4d_mike_booth.pdf}},
}

@misc{SOCIAL_ROBOTICS,
title = {International Conference on Social robotics},
howpublished = {\url{http://icsoro.org/}},
}

@book{BAYES,
  title={Bayesian Data Analysis},
  author={Gelman, A. and Carlin, J.B. and Stern, H.S. and Rubin, D.B.},
  isbn={9781584883883},
  lccn={03051474},
  year={2004},
  publisher={Chapman \& Hall/CRC}
}

@book{CLUSTERING,
  added-at = {2008-03-11T14:52:34.000+0100},
  address = {New York},
  author = {Hartigan, John A.},
  keywords = {nn},
  priority = {2},
  publisher = {Wiley},
  timestamp = {2008-03-11T14:52:34.000+0100},
  title = {Clustering Algorithms},
  year = 1975
}

@book{NN,
  title={Pattern classification},
  author={Duda, R.O. and Hart, P.E. and Stork, D.G.},
  isbn={9780471056690},
  lccn={99029981},
  series={Pattern Classification and Scene Analysis: Pattern Classification},
  year={2001},
  publisher={Wiley}
}

@article{HTN,
    author = {Kelly, John P. and Botea, Adi and Koenig, Sven},
    booktitle = {Proceedings of the Artificial Intelligence and Interactive Digital Entertainment Conference (AIIDE)},
    keywords = {ai, htn, planning, video\_games},
    posted-at = {2010-10-26 08:53:27},
    priority = {0},
    title = {{Offline Planning with Hierarchical Task Networks in Video Games}},
    year = {2008}
}

@article{LAZY_EVALUATION,
 author = {Hudak, Paul},
 title = {Conception, evolution, and application of functional programming languages},
 journal = {ACM Comput. Surv.},
 issue_date = {Sep. 1989},
 volume = {21},
 number = {3},
 month = sep,
 year = {1989},
 issn = {0360-0300},
 pages = {359--411},
 numpages = {53},
 acmid = {72554},
 publisher = {ACM},
 address = {New York, NY, USA},
} 

@book{IDDFS,
    author = {Russell, Stuart J. and Norvig, Peter},
    isbn = {0137903952},
    keywords = {ai, books},
    posted-at = {2006-08-09 11:54:13},
    priority = {2},
    publisher = {Pearson Education},
    title = {{Artificial Intelligence: A Modern Approach}},
    year = {2003}
}

@ARTICLE{IDAStar,
    author = {Richard E. Korf},
    title = {Depth-first Iterative-Deepening: An Optimal Admissible Tree Search},
    journal = {Artificial Intelligence},
    year = {1985},
    volume = {27},
    pages = {97--109}
}

@ARTICLE{HFSM,
    author = {James Cremer and Joseph Kearney and Yiannis Papelis},
    title = {HCSM: A Framework for Behavior and Scenario Control in Virtual Environments},
    journal = {ACM Transactions on Modeling and Computer Simulation},
    year = {1995},
    volume = {5},
    pages = {242--267}
}

@article{GOAP,
author = {J.Orkin},
journal = {Proceedings of the Game Developer's Conference (GDC)},
title = {Three States and a Plan: The AI of F.E.A.R.},
year = {2006}
}

@misc{Unity,
title = {Unity 3D},
author = {Unity Technologies},
howpublished = {\url{http://http://www.unity3d.com/}}
}

@misc{CASANOVA_WEBSITE,
title = {Casanova website},
howpublished = {\url{http://http://casanova.codeplex.com/}}
}

@misc{MASS_EFFECT_3,
title = {Mass Effect 3},
author = {Bioware},
howpublished = {\url{http://masseffect.bioware.com/}}
}

@misc{FABLE_3,
title = {Fable 3},
author = {Lionhead},
howpublished = {\url{http://lionhead.com/fable-3/}}
}

@article{STRIPS,
    author = {Fikes, Richard E. and Nilsson, Nils J.},
    journal = {Artificial Intelligence},
    keywords = {da, planning, project-planning, strips},
    month = {},
    number = {3-4},
    pages = {189--208},
    posted-at = {2008-06-27 10:07:52},
    priority = {2},
    title = {{Strips: A new approach to the application of theorem proving to problem solving}},
    volume = {2},
    year = {1971}
}

@incollection{CASANOVA,
year={2012},
booktitle={Entertainment Computing - ICEC 2012},
title={Writing Real-Time .Net Games in Casanova},
publisher={Springer Berlin Heidelberg},
keywords={Game development; Casanova; databases; languages; functional programming; F#},
author={Maggiore, Giuseppe and Spronck, Pieter and Orsini, Renzo and Bugliesi, Michele and Steffinlongo, Enrico and Abbadi, Mohamed},
}

@book{CONSTRAINT_PROGRAMMING,
  title={Essentials of Constraint Programming},
  author={Fr{\"u}hwirth, T. and Abdennadher, S.},
  isbn={9783540676232},
  series={Cognitive Technologies},
  year={2003},
  publisher={Springer}
}

@book{STATE_SPACE_SEARCH,
  title={Artificial Intelligence: A Modern Approach},
  author={Russell, S.J. and Norvig, P.},
  isbn={9780136042594},
  series={Prentice Hall Series in Artificial Intelligence},
  year={2010},
  publisher={Prentice Hall}
}

@ARTICLE{HEURISTIC_SEARCH,
    author = {Blai Bonet and Hèctor Geffner},
    title = {Planning as Heuristic Search},
    journal = {Artificial Intelligence},
    year = {2001},
    volume = {129},
    pages = {5--33}
}

@MISC{HEURISTIC_PLANNING_WITH_RESOURCES,
    author = {Patrik Haslum and Hèctor Geffner},
    title = {Heuristic Planning with Time and Resources},
    year = {2001}
}

@INPROCEEDINGS{MEMOIZATION_PLANNING,
    author = {Mark Johnson},
    title = {Memoization in Constraint Logic Programming},
    booktitle = {Proc. Intl. Workshop on Principles and Practice of Constraint Programming},
    year = {1993},
    pages = {manuscript.}
}

@inproceedings{MEMOIZATION,
 author = {Zhou, Neng-Fa and Sato, Taisuke},
 title = {Efficient fixpoint computation in linear tabling},
 booktitle = {Proceedings of the 5th ACM SIGPLAN international conference on Principles and practice of declaritive programming},
 series = {PPDP '03},
 year = {2003},
 location = {Uppsala, Sweden},
 pages = {275--283},
 numpages = {9},
 acmid = {888277},
 publisher = {ACM},
 address = {New York, NY, USA},
 keywords = {linear tabling, memoization, optimization techniques, prolog, recursion, tabling},
} 

@incollection{PRUNING,
 author = {Jonsson, Anders},
 chapter = {Efficient Pruning of Operators in Planning Domains},
 title = {Current Topics in Artificial Intelligence},
 editor = {Borrajo, Daniel and Castillo, Luis and Corchado, Juan Manuel},
 year = {2007},
 isbn = {978-3-540-75270-7},
 pages = {130--139},
 numpages = {10},
 acmid = {1422583},
 publisher = {Springer-Verlag},
 address = {Berlin, Heidelberg},
} 

@inproceedings{HIERARCHICAL_PLANNING,
 author = {Sacerdott, Earl D.},
 title = {Planning in a hierarchy of abstraction spaces},
 booktitle = {Proceedings of the 3rd international joint conference on Artificial intelligence},
 series = {IJCAI'73},
 year = {1973},
 location = {Stanford, USA},
 pages = {412--422},
 numpages = {11},
 acmid = {1624826},
 publisher = {Morgan Kaufmann Publishers Inc.},
 address = {San Francisco, CA, USA},
 keywords = {abstraction space, heuristic search, hierarchical planning, problem solving, representation, robot planning},
} 

@MISC{PLANNING_IN_BOARD_GAMES,
    author = {Stephen J. J. Smith and Dana Nau and Tom Throop},
    title = {Computer Bridge: A Big Win for AI Planning},
    year = {1998}
}