@article{GAMES_FOR_TRAINING,
    author = {de Freitas, Sara and Jarvis, Steve},
    citeulike-article-id = {1265847},
    citeulike-linkout-0 = {http://www.blackwell-synergy.com/doi/abs/10.1111/j.1467-8535.2007.00716.x},
    citeulike-linkout-1 = {http://dx.doi.org/10.1111/j.1467-8535.2007.00716.x},
    citeulike-linkout-2 = {http://www.ingentaconnect.com/content/bpl/bjet/2007/00000038/00000003/art00014},
    doi = {10.1111/j.1467-8535.2007.00716.x},
    issn = {0007-1013},
    journal = {British Journal of Educational Technology},
    keywords = {games, serious, virtual, worlds},
    month = may,
    number = {3},
    pages = {523--525},
    posted-at = {2011-02-14 17:30:14},
    priority = {2},
    publisher = {Blackwell Publishing},
    title = {{Serious games engaging training solutions: A research and development project for supporting training needs}},
    url = {http://dx.doi.org/10.1111/j.1467-8535.2007.00716.x},
    volume = {38},
    year = {2007}
}

@book{GAMES_FOR_EDUCATION,
 author = {Michael, David R. and Chen, Sandra L.},
 title = {Serious Games: Games That Educate, Train, and Inform},
 year = {2005},
 isbn = {1592006221},
 publisher = {Muska \& Lipman/Premier-Trade},
} 

@book{GAMES_ART_NARRATIVE,
  title={The Art of Videogames},
  author={Tavinor, G.},
  isbn={9781444310184},
  series={New Directions in Aesthetics},
  year={2009},
  publisher={Wiley}
}

@INPROCEEDINGS{GAMES_FOR_AI_RESEARCH,
    author = {Marc Ponsen and Ir. P. H. M. Spronck},
    title = {Improving Adaptive Game AI with Evolutionary Learning},
    booktitle = {University of Wolverhampton},
    year = {2004},
    pages = {389--396}
}

@INPROCEEDINGS{GAMES_FOR_LANGUAGE_LEARNING,
    author = {Y. Rankin and R. Gold and B. Gooch},
    title = {3D Role-playing Games as Language Learning Tools},
    booktitle = {In Conference Proceedings of EUROGRAPHICS Education Program 2006},
    year = {2006}
}

@INPROCEEDINGS{PROCEDURAL_GENERATION,
    author = {Stefan Greuter and Jeremy Parker},
    title = {Undiscovered Worlds â€“ Towards a Framework for Real-Time},
    booktitle = {In Proc. of the Fifth Intern. Digital Arts and Culture Conference},
    year = {2003},
    publisher = {Press}
}

